<record><leader>00000cas a22000007a 4500</leader><controlfield tag="001">11733391</controlfield><controlfield tag="008">850225d18351845mduwr ne      0    0eng d</controlfield><datafield ind1=" " ind2=" " tag="010"><subfield code="a">sn 85025413 </subfield></datafield><datafield ind1=" " ind2=" " tag="040"><subfield code="a">NPX</subfield><subfield code="b">eng</subfield><subfield code="c">NPX</subfield><subfield code="d">MFN</subfield><subfield code="d">OCLCQ</subfield></datafield><datafield ind1=" " ind2=" " tag="042"><subfield code="a">msc</subfield></datafield><datafield ind1="0" ind2=" " tag="130"><subfield code="a">Westminster Carrolltonian (Westminster, Md. : 1835)</subfield></datafield><datafield ind1="1" ind2="0" tag="245"><subfield code="a">Westminster Carrolltonian.</subfield></datafield><datafield ind1="1" ind2="7" tag="246"><subfield code="a">Carrolltonian, and Baltimore and Frederick advertiser</subfield><subfield code="f">&lt;Sept. 5, 1835-Sept. 22, 1843&gt;</subfield></datafield><datafield ind1="1" ind2="7" tag="246"><subfield code="a">Carrolltonian and general advertiser</subfield><subfield code="f">&lt;Oct. 4, 1844&gt;</subfield></datafield><datafield ind1="1" ind2="3" tag="246"><subfield code="a">Carrolltonian</subfield></datafield><datafield ind1=" " ind2=" " tag="260"><subfield code="a">Westminster, Md. :</subfield><subfield code="b">John K. Longwell</subfield></datafield><datafield ind1=" " ind2=" " tag="300"><subfield code="a">v.</subfield></datafield><datafield ind1=" " ind2=" " tag="310"><subfield code="a">Weekly</subfield></datafield><datafield ind1="1" ind2=" " tag="362"><subfield code="a">Began in 1835; ceased in 1845.</subfield></datafield><datafield ind1=" " ind2=" " tag="588"><subfield code="a">Description based on: Vol. 3, no. 11 (Sept. 5, 1835).</subfield></datafield><datafield ind1=" " ind2=" " tag="752"><subfield code="a">United States</subfield><subfield code="b">Maryland</subfield><subfield code="c">Carroll</subfield><subfield code="d">Westminster.</subfield></datafield><datafield ind1="0" ind2="0" tag="780"><subfield code="t">Carrolltonian (Westminster, Md. : 1833)</subfield><subfield code="w">(DLC)sn 90057011</subfield></datafield><datafield ind1="0" ind2="0" tag="785"><subfield code="t">Carrolltonian (Westminster, Md. : 1845)</subfield><subfield code="w">(DLC)sn 89060258</subfield></datafield></record>